<record><leader>00000cas a2200000 a 4500</leader><controlfield tag="001">9668294</controlfield><controlfield tag="008">830705d19761987fludr ne      0    0spa  </controlfield><datafield ind1=" " ind2=" " tag="010"><subfield code="a">sn 83016287 </subfield></datafield><datafield ind1=" " ind2=" " tag="040"><subfield code="a">DLC</subfield><subfield code="b">eng</subfield><subfield code="c">DLC</subfield><subfield code="d">NPH</subfield><subfield code="d">YOX</subfield><subfield code="d">DLC</subfield><subfield code="d">NSD</subfield><subfield code="d">DLC</subfield><subfield code="d">NYS</subfield><subfield code="d">DLC</subfield><subfield code="d">KNP</subfield><subfield code="d">YOX</subfield><subfield code="d">FUG</subfield><subfield code="d">DLC</subfield><subfield code="d">OCLCQ</subfield><subfield code="d">OCLCO</subfield></datafield><datafield ind1="1" ind2=" " tag="029"><subfield code="a">AU@</subfield><subfield code="b">000020292014</subfield></datafield><datafield ind1=" " ind2=" " tag="042"><subfield code="a">pcc</subfield></datafield><datafield ind1=" " ind2=" " tag="043"><subfield code="a">n-us-fl</subfield></datafield><datafield ind1="0" ind2="0" tag="050"><subfield code="a">Newspaper</subfield></datafield><datafield ind1="0" ind2=" " tag="130"><subfield code="a">Miami herald (Miami, Fla. : 1976)</subfield></datafield><datafield ind1="1" ind2="3" tag="245"><subfield code="a">El Miami herald.</subfield></datafield><datafield ind1=" " ind2=" " tag="260"><subfield code="a">Miami, Fla. :</subfield><subfield code="b">El Miami Herald,</subfield><subfield code="c">1976-1987.</subfield></datafield><datafield ind1=" " ind2=" " tag="300"><subfield code="a">v. :</subfield><subfield code="b">ill. ;</subfield><subfield code="c">50 cm.</subfield></datafield><datafield ind1=" " ind2=" " tag="310"><subfield code="a">Daily</subfield></datafield><datafield ind1="0" ind2=" " tag="362"><subfield code="a">Marzo 29 de 1976-20 de Nov. de 1987.</subfield></datafield><datafield ind1=" " ind2=" " tag="500"><subfield code="a">Microfilm published by BMI Imaging Systems; issued in series: Chicano serials collection.</subfield></datafield><datafield ind1=" " ind2=" " tag="530"><subfield code="a">Also issued on microfilm from University Microfilms International, and Bell &amp; Howell, Micro Photo Division.</subfield></datafield><datafield ind1=" " ind2=" " tag="580"><subfield code="a">Spanish language edition of: Miami herald (Miami, Fla.).</subfield></datafield><datafield ind1=" " ind2="0" tag="650"><subfield code="a">Hispanic Americans</subfield><subfield code="z">Florida</subfield><subfield code="v">Newspapers.</subfield></datafield><datafield ind1=" " ind2="0" tag="651"><subfield code="a">Miami (Fla.)</subfield><subfield code="v">Newspapers.</subfield></datafield><datafield ind1=" " ind2="0" tag="651"><subfield code="a">Miami-Dade (Fla.)</subfield><subfield code="v">Newspapers.</subfield></datafield><datafield ind1=" " ind2=" " tag="752"><subfield code="a">United States</subfield><subfield code="b">Florida</subfield><subfield code="c">Dade</subfield><subfield code="d">Miami.</subfield></datafield><datafield ind1="1" ind2=" " tag="775"><subfield code="t">Miami herald (Miami, Fla. : 1910)</subfield><subfield code="x">0898-865X</subfield><subfield code="w">(DLC)sn 83016279</subfield><subfield code="w">(OCoLC)2733685</subfield></datafield><datafield ind1="0" ind2="0" tag="785"><subfield code="t">Nuevo herald</subfield><subfield code="w">(DLC)sn 91066494</subfield><subfield code="w">(OCoLC)17427907</subfield></datafield></record>